@book{hansen2006theory,
  title={Theory of Simple Liquids},
  author={Hansen, J.P. and McDonald, I.R.},
  isbn={9780080455075},
  url={https://books.google.ch/books?id=Uhm87WZBnxEC},
  year={2006},
  publisher={Elsevier Science}
}
@article{sears,
author = {V. F. Sears},
title = {THEORY OF COLD NEUTRON SCATTERING BY HOMONUCLEAR DIATOMIC LIQUIDS: I. FREE ROTATION},
journal = {Canadian Journal of Physics},
volume = {44},
number = {6},
pages = {1279-1297},
year = {1966}
}
