@BOOK{Coghill2006,
  title = {{T}he {ACS} {S}tyle {G}uide},
  publisher = {{O}xford {U}niversity {P}ress, {I}nc. and
               {T}he {A}merican {C}hemical {S}ociety},
  year = {2006},
  editor = {Coghill, Anne M. and Garson, Lorrin R.},
  address = {{N}ew {Y}ork},
  edition = {3},
  subtitle = {{E}ffective {C}ommunication of {S}cientific {I}nformation},
}

@MISC{ACS2007,
  url = {http://pubs.acs.org/books/references.shtml},
}
